@inproceedings{zagalsky2015emergence,
  title={The emergence of github as a collaborative platform for education},
  author={Zagalsky, Alexey and Feliciano, Joseph and Storey, Margaret-Anne and Zhao, Yiyun and Wang, Weiliang},
  booktitle={Proceedings of the 18th ACM Conference on Computer Supported Cooperative Work \& Social Computing},
  pages={1906--1917},
  year={2015},
  organization={ACM}
}

@misc{githubplatform,
  author = {S. Chacon},
  title = {Getting Started - A Short History of Git},
  howpublished = {\url{https://git-scm.com/book/en/v2/Getting-Started-A-Short-History-of-Git}},
  note = {Accessed: 19-May-2018}
}

@mastersthesis{githubthesis,
  author       = {J. Feliciano}, 
  title        = {Towards a Collaborative Learning Platform: The Use of GitHub in Computer Science and Software Engineering Courses},
  school       = {Department of Computer Science, University of Victoria},
  year         = 2015,
  note         = {An optional note}
}

@misc{githistory,
  author = {S. Chacon},
  title = {Getting Started - A Short History of Git},
  howpublished = {\url{https://git-scm.com/book/en/v2/Getting-Started-A-Short-History-of-Git}},
  note = {Accessed: 19-May-2018}
}

@misc{learningcreativelearning,
  author = {P. Schmidt, M. Resnick, and N. Rusk},
  title = {Learning Creative Learning: How we tinkered with MOOCs},
  howpublished = {\url{http://reports.p2pu.org/learning-creative-learning/}},
  note = {Accessed: 19-May-2018}
}

@misc{whygithubclassroom,
  author = {A. Zagalsky},
  title = {Why you should use GitHub: Lessons for the classroom and newsroom},
  howpublished = {\url{http://www.storybench.org/use-github-lessons-classroom-newsroom/}},
  note = {Accessed: 19-May-2018}
}

@misc{forkthecookbook,
  key = {About Fork The Cookbook},
  title = {About Fork The Cookbook},
  howpublished = {\url{http://forkthecookbook.com/about}},
  note = {Accessed: 19-May-2018}
}

@misc{rla,
  author = {Learning Initiative},
  title = {Refugee Learning Accelerator},
  howpublished = {\url{https://refugeelearning.media.mit.edu/}},
  note = {Accessed: 19-May-2018}
}

@misc{roleofmaking,
  author = {H. Rheingold},
  title = {Mitch Resnick: The Role of Making, Tinkering, Remixing in Next-Generation Learning},
  howpublished = {\url{https://dmlcentral.net/mitch-resnick-the-role-of-making-tinkering-remixing-in-next-generation-learning/}},
  note = {Accessed: 19-May-2018}
}

@misc{githubclassroom,
  key = {Github Classroom},
  title = {Github Classroom},
  howpublished = {\url{https://classroom.github.com/}},
  note = {Accessed: 19-May-2018}
}

@misc{selfdetermination,
  author = {L. David},
  title = {Self-Determination Theory},
  howpublished = {\url{https://www.learning-theories.com/self-determination-theory-deci-and-ryan.html}},
  note = {Accessed: 19-May-2018}
}

@misc{selfdetermination2,
  author = {K. Cherry},
  title = {What Is Self-Determination Theory?},
  howpublished = {\url{https://www.verywellmind.com/what-is-self-determination-theory-2795387}},
  note = {Accessed: 19-May-2018}
}

@misc{globalsprint,
  key = {Mozilla's Global Sprint},
  title = {Mozilla's Global Sprint},
  howpublished = {\url{https://mozilla.github.io/global-sprint/}},
  note = {Accessed: 19-May-2018}
}

@misc{devart,
  key = {DevArt: Art Made with Code},
  title = {DevArt: Art Made with Code},
  howpublished = {\url{https://devart.withgoogle.com/}},
  note = {Accessed: 19-May-2018}
}

@book{cultivating,
  author    = {M. Resnick}, 
  title     = {Cultivating Creativity through Projects, Passion, Peers, and Play},
  publisher = {The MIT Press},
  year      = 2017,
  address   = {Cambridge},
}

@book{teachingdigital,
  author    = {A. W. Bates}, 
  title     = {Teaching in a Digital Age: Guidelines for Designing Teaching and Learning},
  publisher = {Tony Bates Associates},
  year      = 2015,
  address   = {Vancouver},
}

@article{creativelearningfuturework,
  author={P. Schmidt, M. Resnick, and J. Ito},
  title={Creative Learning and the Future of Work},
  journal={DISRUPTING},
  pages={147}
}

@inproceedings{resnick2014give,
  title={Give P's a chance: Projects, peers, passion, play},
  author={M. Resnick}
}

@inproceedings{brennan2012new,
  title={New frameworks for studying and assessing the development of computational thinking},
  author={Brennan, Karen and Resnick, Mitchel}
}

@inproceedings{kelleher2014employing,
  title={Employing git in the classroom},
  author={Kelleher, John},
  booktitle={Computer Applications and Information Systems (WCCAIS), 2014 World Congress on},
  pages={1--4},
  year={2014},
  organization={IEEE}
}

@article{niemiec2009autonomy,
  title={Autonomy, competence, and relatedness in the classroom: Applying self-determination theory to educational practice},
  author={Niemiec, Christopher P and Ryan, Richard M},
  journal={School Field},
  volume={7},
  number={2},
  pages={133--144},
  year={2009},
  publisher={Sage Publications Sage UK: London, England}
}

@inproceedings{haaranen2015teaching,
  title={Teaching git on the side: Version control system as a course platform},
  author={Haaranen, Lassi and Lehtinen, Teemu},
  booktitle={Proceedings of the 2015 ACM Conference on Innovation and Technology in Computer Science Education},
  pages={87--92},
  year={2015},
  organization={ACM}
}

@article{distributedclassroom,
  author = {Rocco, Daniel and Lloyd, Will},
  year = {2011},
  month = {01},
  pages = {},
  title = {Distributed version control in the classroom}
}